@Book{Lam92,
author = {Lamport, L.},
title = {LaTeX system przygotowywania dokumentów},
publisher = {Wydawnictwo Ariel},
year = {1992},
address = {Krakow}
}

@Book{Dil00,
author = {Diller, A.},
title = {LaTeX wiersz po wierszu},
publisher = {Wydawnictwo Helion},
year = {2000},
address = {Gliwice}
}

@Manual{ARM06,
title = {Ada Reference Manual {ISO}/{IEC} 8652:200y({E}) {E}d. 3},
organization = {Ada Europe},
year = {2006}
}

@article{AldomaMTWPZRGV12,
  author = {Aldoma, Aitor and Marton, Zoltan-Csaba and Tombari, Federico and Wohlkinger, Walter and Potthast, Christian and Zeisl, Bernhard and Rusu, Radu Bogdan and Gedikli, Suat and Vincze, Markus},
  journal = {IEEE Robot. Automat. Mag.},
  number = 3,
  pages = {80-91},
  title = {{Tutorial: Point Cloud Library: Three-Dimensional Object Recognition and 6 DOF Pose Estimation.}},
  volume = 19,
  year = 2012
}

@InProceedings{Rusu_ICRA2011_PCL,
  author    = {Radu Bogdan Rusu and Steve Cousins},
  title     = {{3D is here: Point Cloud Library (PCL)}},
  booktitle = {{IEEE International Conference on Robotics and Automation (ICRA)}},
  month     = {May 9-13},
  year      = {2011},
  address   = {Shanghai, China}
}


@INPROCEEDINGS{Rusu09fastpoint,
    author = {Radu Bogdan Rusu and Nico Blodow and Michael Beetz},
    title = {Fast Point Feature Histograms (FPFH) for 3D Registration},
    booktitle = {{IEEE International Conference on Robotics and Automation (ICRA)}},
    year = {2009}
}

@InProceedings{PeDa04,
author = {Peleska, J. and Große, D. and Haxthausen, A. E. and Drechsler, R.},
title = {Automated Verification for Train Control Systems},
booktitle = {Proc. of the 5th Symposium on Formal Methods for Automation and Safety in Railway and Automotive Systems (FORMS/FORMAT 2004)},
year = {2004},
pages = {252-265},
address = {Braunschweig, Germany},
month = {December}
}

@TechReport{BuDoVa03,
author = {Burns, A. and Dobbing, B. and Vardanega, T.},
title = {Guide for the Use of the Ada Ravenscar Profile in High Integrity Systems},
institution = {University of York},
year = {2003},
number = {YCS-2003-348}
}



@manual{Alvis2011,
	organization = {AGH University of Science and Technology},
	year = {2011},
	title = {{On Line Alvis Manual}},
	note = {\\\texttt{http://fm.ia.agh.edu.pl/alvis:manual}},
	author = {Szpyrka, M.}
}
